<?xml version="1.0" encoding="UTF-8" ?>
<collection xmlns:xsi="http://www.w3.org/2001/XMLSchema-instance"
    xsi:schemaLocation="http://www.loc.gov/MARC21/slim
        http://www.loc.gov/standards/marcxml/schema/MARC21slim.xsd"
    xmlns="http://www.loc.gov/MARC21/slim">
<record>
  <leader>00242cam a2200457 ia4500</leader>
  <controlfield tag="001">b12519996</controlfield>
  <controlfield tag="003">LeBAU</controlfield>
  <controlfield tag="005">20181101</controlfield>
  <controlfield tag="008">970715m19481950sy            ||0 0 ara d</controlfield>
  <datafield tag="035" ind1=" " ind2=" ">
    <subfield code="a">ocn784376629</subfield>
  </datafield>
  <datafield tag="040" ind1=" " ind2=" ">
    <subfield code="a">LEAUB</subfield>
    <subfield code="b">ara</subfield>
    <subfield code="e">rda</subfield>
    <subfield code="c">LEAUB</subfield>
    <subfield code="d">LEAUB</subfield>
  </datafield>
  <datafield tag="082" ind1="0" ind2="4">
    <subfield code="a">808</subfield>
    <subfield code="2">22</subfield>
  </datafield>
  <datafield tag="100" ind1="1" ind2=" ">
    <subfield code="6">880-01</subfield>
    <subfield code="a">Tanūkhī, ʻIzz al-Dīn,</subfield>
    <subfield code="e">author.</subfield>
  </datafield>
  <datafield tag="245" ind1="1" ind2="0">
    <subfield code="6">880-02</subfield>
    <subfield code="a">Tahdhīb al-īḍāḥ :</subfield>
    <subfield code="b">sharḥ ḥadīth li-kitāb al-Īḍāh alladhī allafahu imām al-bulaghā’ qāḍī Dimashq wa-khaṭīb jāmiʻuhā al-Shaykh Jalāl al-Dīn Muḥammad ibn ʻAbd al-Raḥmān al-Qazwīnī thumma al-Dimashqī al-mutawaffá sanat 726 min al-hijrah /</subfield>
    <subfield code="c">hadhdhabahu wa-rattabahu wa-sharaḥahu bi-taʻlīqāt tubayyinu maqāṣidahu wa-akmalahu bi-nuṣūṣ mukhtārah tumattin shawāhidahu ʻIzz al-Dīn al-Tannūkhī, ʻuḍw al-Majmaʻ al-ʻIlmī al-ʻArabī wa-ustādh al-ʻulūm al-ʻArabīyah bi-Kullīyat al-Ādāb al-Sūrīyah.</subfield>
  </datafield>
  <datafield tag="264" ind1=" " ind2="1">
    <subfield code="6">880-03</subfield>
    <subfield code="a">Dimashq :</subfield>
    <subfield code="b">al-Jāmiʻah al-Sūrīyah,</subfield>
    <subfield code="c">1367-1369 H. = 1948-1950 M.</subfield>
  </datafield>
  <datafield tag="300" ind1=" " ind2=" ">
    <subfield code="6">880-04</subfield>
    <subfield code="a">3 volumes ;</subfield>
    <subfield code="c">24 cm</subfield>
  </datafield>
  <datafield tag="336" ind1=" " ind2=" ">
    <subfield code="a">text</subfield>
    <subfield code="b">txt</subfield>
    <subfield code="2">rdacontent</subfield>
  </datafield>
  <datafield tag="337" ind1=" " ind2=" ">
    <subfield code="a">unmediated</subfield>
    <subfield code="b">n</subfield>
    <subfield code="2">rdamedia</subfield>
  </datafield>
  <datafield tag="338" ind1=" " ind2=" ">
    <subfield code="a">volume</subfield>
    <subfield code="b">nc</subfield>
    <subfield code="2">rdacarrier</subfield>
  </datafield>
  <datafield tag="500" ind1=" " ind2=" ">
    <subfield code="a">الجزء الثاني: 1369 هـ. = 1950 م.</subfield>
  </datafield>
  <datafield tag="501" ind1=" " ind2=" ">
    <subfield code="a">تم تجليد الجزأين 1-2 في مجلد واحد في المكتبة.</subfield>
  </datafield>
  <datafield tag="504" ind1=" " ind2=" ">
    <subfield code="a">يتضمن مراجع ببليوغرافية.</subfield>
  </datafield>
  <datafield tag="505" ind1="0" ind2=" ">
    <subfield code="a">الجزء الأول. فن البديع -- الجزء الثاني. فن البيان -- الجزء الثالث. فن المعاني.</subfield>
  </datafield>
  <datafield tag="600" ind1="1" ind2="4">
    <subfield code="a">القزويني، جلال الدين محمد بن عبد الرحمن،</subfield>
    <subfield code="d">1267 او 1268-1338.</subfield>
    <subfield code="t">الإيضاح في المعاني والبيان.</subfield>
  </datafield>
  <datafield tag="600" ind1="1" ind2="0">
    <subfield code="a">Qazwīnī, Jalāl al-Dīn Muḥammad ibn ʻAbd al-Raḥmān,</subfield>
    <subfield code="d">1267 or 1268-1338.</subfield>
    <subfield code="t">Īḍāḥ fī al-ma‘ānī wa-al-bayān.</subfield>
  </datafield>
  <datafield tag="650" ind1=" " ind2="4">
    <subfield code="a">اللغة العربية</subfield>
    <subfield code="x">البلاغة</subfield>
    <subfield code="v">اعمال قديمة حتى 1800.</subfield>
  </datafield>
  <datafield tag="650" ind1=" " ind2="4">
    <subfield code="a">اللغة العربية</subfield>
    <subfield code="x">البيان</subfield>
    <subfield code="v">اعمال قديمة حتى 1800.</subfield>
  </datafield>
  <datafield tag="650" ind1=" " ind2="0">
    <subfield code="a">Arabic language</subfield>
    <subfield code="x">Rhetoric</subfield>
    <subfield code="v">Early works to 1800.</subfield>
  </datafield>
  <datafield tag="650" ind1=" " ind2="0">
    <subfield code="a">Arabic language</subfield>
    <subfield code="x">Diction</subfield>
    <subfield code="v">Early works to 1800.</subfield>
  </datafield>
  <datafield tag="700" ind1="1" ind2="2">
    <subfield code="6">880-05</subfield>
    <subfield code="a">Qazwīnī, Jalāl al-Dīn Muḥammad ibn ʻAbd al-Raḥmān,</subfield>
    <subfield code="d">1267 or 1268-1338.</subfield>
    <subfield code="t">Īḍāḥ fī al-ma‘ānī wa-al-bayān.</subfield>
  </datafield>
  <datafield tag="852" ind1=" " ind2=" ">
    <subfield code="a">Jafet Library</subfield>
    <subfield code="e">American University of Beirut, Bliss Street , Beirut, Lebanon.</subfield>
  </datafield>
  <datafield tag="880" ind1="1" ind2=" ">
    <subfield code="6">100-01/(3/r</subfield>
    <subfield code="a">التنوخي، عز الدين،</subfield>
    <subfield code="e">مؤلف. </subfield>
    <subfield code="4">aut.</subfield>
  </datafield>
  <datafield tag="880" ind1="1" ind2="0">
    <subfield code="6">245-02/(3/r</subfield>
    <subfield code="a">تهذيب الإيضاح :</subfield>
    <subfield code="b">شرح حديث لكتاب الإيضاح الذي ألفه إمام البلغاء قاضي دمشق وخطيب جامعها الشيخ جلال الدين محمد بن عبد الرحمن القزويني ثم الدمشقي المتوفي سنة 726 من الهجرة ؛ هذبه ورتبه وشرحه بتعليقات تبين مقاصده وأكمله بنصوص مختارة تمتن شواهده عز الدين التنوخي، عضو المجمع العلمي العربي وأستاذ العلوم العربية بكلية الآداب السورية.</subfield>
    <subfield code="c">hadhdhabahu wa-rattabahu wa-sharaḥahu bi-taʻlīqāt tubayyinu maqāṣidahu wa-akmalahu bi-nuṣūṣ mukhtārah tumattin shawāhidahu ʻIzz al-Dīn al-Tannūkhī, ʻuḍw al-Majmaʻ al-ʻIlmī al-ʻArabī wa-ustādh al-ʻulūm al-ʻArabīyah bi-Kullīyat al-Ādāb al-Sūrīyah.</subfield>
  </datafield>
  <datafield tag="880" ind1=" " ind2="1">
    <subfield code="6">264-03/(3/r</subfield>
    <subfield code="a">دمشق :</subfield>
    <subfield code="b">الجامعة السورية،</subfield>
    <subfield code="c">1367-1369 هـ. = 1948-1950 م.</subfield>
  </datafield>
  <datafield tag="880" ind1=" " ind2=" ">
    <subfield code="6">300-04/(3/r</subfield>
    <subfield code="a">3 أجزاء ؛</subfield>
    <subfield code="c">24 سم</subfield>
  </datafield>
  <datafield tag="880" ind1="1" ind2="2">
    <subfield code="6">700-05/(3/r</subfield>
    <subfield code="a">القزويني، جلال الدين محمد بن عبد الرحمن،</subfield>
    <subfield code="d">1267 او 1268-1338.</subfield>
    <subfield code="t">الإيضاح في المعاني والبيان.</subfield>
  </datafield>
  <datafield tag="907" ind1=" " ind2=" ">
    <subfield code="a">.b12519996</subfield>
    <subfield code="b">18-11-13</subfield>
    <subfield code="c">11-05-24</subfield>
  </datafield>
  <datafield tag="907" ind1=" " ind2=" ">
    <subfield code="a">.b12519996</subfield>
    <subfield code="b">11-10-11</subfield>
    <subfield code="c">11-05-24</subfield>
  </datafield>
  <datafield tag="945" ind1=" " ind2=" ">
    <subfield code="f">J</subfield>
    <subfield code="a">808:K231iaA:v.1-2:c.1</subfield>
    <subfield code="i">01031597</subfield>
    <subfield code="j">.i1301870x</subfield>
    <subfield code="l">u0503</subfield>
  </datafield>
  <datafield tag="945" ind1=" " ind2=" ">
    <subfield code="f">J</subfield>
    <subfield code="a">808:K231iaA:v.3:c.1</subfield>
    <subfield code="i">01031600</subfield>
    <subfield code="j">.i13018711</subfield>
    <subfield code="l">u0503</subfield>
  </datafield>
  <datafield tag="998" ind1=" " ind2=" ">
    <subfield code="a">u05</subfield>
    <subfield code="b">97-07-15</subfield>
    <subfield code="c">m</subfield>
    <subfield code="d">a  </subfield>
    <subfield code="e">-</subfield>
    <subfield code="f">ara</subfield>
    <subfield code="g">sy </subfield>
    <subfield code="h">0</subfield>
    <subfield code="i">2</subfield>
  </datafield>
</record>
</collection>
